%YAML 1.1
%TAG !u! tag:unity3d.com,2011:
--- !u!1001 &100100000
Prefab:
  m_ObjectHideFlags: 1
  serializedVersion: 2
  m_Modification:
    m_TransformParent: {fileID: 0}
    m_Modifications: []
    m_RemovedComponents: []
  m_ParentPrefab: {fileID: 0}
  m_RootGameObject: {fileID: 1049613125805454}
  m_IsPrefabParent: 1
--- !u!1 &1042618825670086
GameObject:
  m_ObjectHideFlags: 1
  m_PrefabParentObject: {fileID: 0}
  m_PrefabInternal: {fileID: 100100000}
  serializedVersion: 5
  m_Component:
  - component: {fileID: 4916412351848688}
  m_Layer: 0
  m_Name: Bip01_R_Forearm
  m_TagString: Untagged
  m_Icon: {fileID: 0}
  m_NavMeshLayer: 0
  m_StaticEditorFlags: 0
  m_IsActive: 1
--- !u!1 &1047148509472516
GameObject:
  m_ObjectHideFlags: 1
  m_PrefabParentObject: {fileID: 0}
  m_PrefabInternal: {fileID: 100100000}
  serializedVersion: 5
  m_Component:
  - component: {fileID: 4056022792585306}
  m_Layer: 0
  m_Name: Bip01_R_Hand
  m_TagString: Untagged
  m_Icon: {fileID: 0}
  m_NavMeshLayer: 0
  m_StaticEditorFlags: 0
  m_IsActive: 1
--- !u!1 &1049613125805454
GameObject:
  m_ObjectHideFlags: 0
  m_PrefabParentObject: {fileID: 0}
  m_PrefabInternal: {fileID: 100100000}
  serializedVersion: 5
  m_Component:
  - component: {fileID: 4495493062235844}
  - component: {fileID: 114857751019244570}
  - component: {fileID: 114220744418599278}
  m_Layer: 0
  m_Name: soldier-3
  m_TagString: Untagged
  m_Icon: {fileID: 0}
  m_NavMeshLayer: 0
  m_StaticEditorFlags: 0
  m_IsActive: 1
--- !u!1 &1061197936877172
GameObject:
  m_ObjectHideFlags: 1
  m_PrefabParentObject: {fileID: 0}
  m_PrefabInternal: {fileID: 100100000}
  serializedVersion: 5
  m_Component:
  - component: {fileID: 4186983998202800}
  m_Layer: 0
  m_Name: Bip01_R_UpperArm
  m_TagString: Untagged
  m_Icon: {fileID: 0}
  m_NavMeshLayer: 0
  m_StaticEditorFlags: 0
  m_IsActive: 1
--- !u!1 &1095773146632490
GameObject:
  m_ObjectHideFlags: 1
  m_PrefabParentObject: {fileID: 0}
  m_PrefabInternal: {fileID: 100100000}
  serializedVersion: 5
  m_Component:
  - component: {fileID: 4430485589736666}
  m_Layer: 0
  m_Name: Bip01_Spine2
  m_TagString: Untagged
  m_Icon: {fileID: 0}
  m_NavMeshLayer: 0
  m_StaticEditorFlags: 0
  m_IsActive: 1
--- !u!1 &1124443141693690
GameObject:
  m_ObjectHideFlags: 1
  m_PrefabParentObject: {fileID: 0}
  m_PrefabInternal: {fileID: 100100000}
  serializedVersion: 5
  m_Component:
  - component: {fileID: 4144384617074482}
  m_Layer: 0
  m_Name: Bip01_L_Forearm
  m_TagString: Untagged
  m_Icon: {fileID: 0}
  m_NavMeshLayer: 0
  m_StaticEditorFlags: 0
  m_IsActive: 1
--- !u!1 &1203771675896166
GameObject:
  m_ObjectHideFlags: 1
  m_PrefabParentObject: {fileID: 0}
  m_PrefabInternal: {fileID: 100100000}
  serializedVersion: 5
  m_Component:
  - component: {fileID: 4495304017597876}
  m_Layer: 0
  m_Name: Bip01_L_Bicep
  m_TagString: Untagged
  m_Icon: {fileID: 0}
  m_NavMeshLayer: 0
  m_StaticEditorFlags: 0
  m_IsActive: 1
--- !u!1 &1207654064093964
GameObject:
  m_ObjectHideFlags: 1
  m_PrefabParentObject: {fileID: 0}
  m_PrefabInternal: {fileID: 100100000}
  serializedVersion: 5
  m_Component:
  - component: {fileID: 4584239429890660}
  m_Layer: 0
  m_Name: Bip01_R_Thigh
  m_TagString: Untagged
  m_Icon: {fileID: 0}
  m_NavMeshLayer: 0
  m_StaticEditorFlags: 0
  m_IsActive: 1
--- !u!1 &1225167853458740
GameObject:
  m_ObjectHideFlags: 1
  m_PrefabParentObject: {fileID: 0}
  m_PrefabInternal: {fileID: 100100000}
  serializedVersion: 5
  m_Component:
  - component: {fileID: 4541927099449502}
  m_Layer: 0
  m_Name: Bip01_Neck1
  m_TagString: Untagged
  m_Icon: {fileID: 0}
  m_NavMeshLayer: 0
  m_StaticEditorFlags: 0
  m_IsActive: 1
--- !u!1 &1226799596371762
GameObject:
  m_ObjectHideFlags: 1
  m_PrefabParentObject: {fileID: 0}
  m_PrefabInternal: {fileID: 100100000}
  serializedVersion: 5
  m_Component:
  - component: {fileID: 4232550203309140}
  m_Layer: 0
  m_Name: Bip01_L_Foot
  m_TagString: Untagged
  m_Icon: {fileID: 0}
  m_NavMeshLayer: 0
  m_StaticEditorFlags: 0
  m_IsActive: 1
--- !u!1 &1250057872451226
GameObject:
  m_ObjectHideFlags: 1
  m_PrefabParentObject: {fileID: 0}
  m_PrefabInternal: {fileID: 100100000}
  serializedVersion: 5
  m_Component:
  - component: {fileID: 4569299661864010}
  m_Layer: 0
  m_Name: Bip01_L_Calf
  m_TagString: Untagged
  m_Icon: {fileID: 0}
  m_NavMeshLayer: 0
  m_StaticEditorFlags: 0
  m_IsActive: 1
--- !u!1 &1263650652255658
GameObject:
  m_ObjectHideFlags: 1
  m_PrefabParentObject: {fileID: 0}
  m_PrefabInternal: {fileID: 100100000}
  serializedVersion: 5
  m_Component:
  - component: {fileID: 4963080139653048}
  m_Layer: 0
  m_Name: Bip01_R_Calf
  m_TagString: Untagged
  m_Icon: {fileID: 0}
  m_NavMeshLayer: 0
  m_StaticEditorFlags: 0
  m_IsActive: 1
--- !u!1 &1266889327103158
GameObject:
  m_ObjectHideFlags: 1
  m_PrefabParentObject: {fileID: 0}
  m_PrefabInternal: {fileID: 100100000}
  serializedVersion: 5
  m_Component:
  - component: {fileID: 4878787588811104}
  m_Layer: 0
  m_Name: Bip01_L_Hand
  m_TagString: Untagged
  m_Icon: {fileID: 0}
  m_NavMeshLayer: 0
  m_StaticEditorFlags: 0
  m_IsActive: 1
--- !u!1 &1293942375401160
GameObject:
  m_ObjectHideFlags: 1
  m_PrefabParentObject: {fileID: 0}
  m_PrefabInternal: {fileID: 100100000}
  serializedVersion: 5
  m_Component:
  - component: {fileID: 4191094545463004}
  m_Layer: 0
  m_Name: Bip01_Spine
  m_TagString: Untagged
  m_Icon: {fileID: 0}
  m_NavMeshLayer: 0
  m_StaticEditorFlags: 0
  m_IsActive: 1
--- !u!1 &1297782760337060
GameObject:
  m_ObjectHideFlags: 1
  m_PrefabParentObject: {fileID: 0}
  m_PrefabInternal: {fileID: 100100000}
  serializedVersion: 5
  m_Component:
  - component: {fileID: 4429833761029538}
  m_Layer: 0
  m_Name: Bip01_L_Wrist
  m_TagString: Untagged
  m_Icon: {fileID: 0}
  m_NavMeshLayer: 0
  m_StaticEditorFlags: 0
  m_IsActive: 1
--- !u!1 &1309531017068622
GameObject:
  m_ObjectHideFlags: 1
  m_PrefabParentObject: {fileID: 0}
  m_PrefabInternal: {fileID: 100100000}
  serializedVersion: 5
  m_Component:
  - component: {fileID: 4477911850952116}
  m_Layer: 0
  m_Name: Bip01_R_Foot
  m_TagString: Untagged
  m_Icon: {fileID: 0}
  m_NavMeshLayer: 0
  m_StaticEditorFlags: 0
  m_IsActive: 1
--- !u!1 &1371929155041622
GameObject:
  m_ObjectHideFlags: 1
  m_PrefabParentObject: {fileID: 0}
  m_PrefabInternal: {fileID: 100100000}
  serializedVersion: 5
  m_Component:
  - component: {fileID: 4597333091884254}
  m_Layer: 0
  m_Name: Bip01_L_UpperArm
  m_TagString: Untagged
  m_Icon: {fileID: 0}
  m_NavMeshLayer: 0
  m_StaticEditorFlags: 0
  m_IsActive: 1
--- !u!1 &1435381687819992
GameObject:
  m_ObjectHideFlags: 1
  m_PrefabParentObject: {fileID: 0}
  m_PrefabInternal: {fileID: 100100000}
  serializedVersion: 5
  m_Component:
  - component: {fileID: 4264940832954872}
  m_Layer: 0
  m_Name: Bip01_L_Clavicle
  m_TagString: Untagged
  m_Icon: {fileID: 0}
  m_NavMeshLayer: 0
  m_StaticEditorFlags: 0
  m_IsActive: 1
--- !u!1 &1463852352159874
GameObject:
  m_ObjectHideFlags: 1
  m_PrefabParentObject: {fileID: 0}
  m_PrefabInternal: {fileID: 100100000}
  serializedVersion: 5
  m_Component:
  - component: {fileID: 4796562402343708}
  m_Layer: 0
  m_Name: Bip01_R_Bicep
  m_TagString: Untagged
  m_Icon: {fileID: 0}
  m_NavMeshLayer: 0
  m_StaticEditorFlags: 0
  m_IsActive: 1
--- !u!1 &1522200383309444
GameObject:
  m_ObjectHideFlags: 0
  m_PrefabParentObject: {fileID: 0}
  m_PrefabInternal: {fileID: 100100000}
  serializedVersion: 5
  m_Component:
  - component: {fileID: 4495258916293750}
  - component: {fileID: 95936143381848132}
  m_Layer: 0
  m_Name: soldier-3
  m_TagString: Untagged
  m_Icon: {fileID: 0}
  m_NavMeshLayer: 0
  m_StaticEditorFlags: 0
  m_IsActive: 1
--- !u!1 &1540956336427186
GameObject:
  m_ObjectHideFlags: 1
  m_PrefabParentObject: {fileID: 0}
  m_PrefabInternal: {fileID: 100100000}
  serializedVersion: 5
  m_Component:
  - component: {fileID: 4374252802895528}
  m_Layer: 0
  m_Name: Bip01_Spine4
  m_TagString: Untagged
  m_Icon: {fileID: 0}
  m_NavMeshLayer: 0
  m_StaticEditorFlags: 0
  m_IsActive: 1
--- !u!1 &1621622726623632
GameObject:
  m_ObjectHideFlags: 1
  m_PrefabParentObject: {fileID: 0}
  m_PrefabInternal: {fileID: 100100000}
  serializedVersion: 5
  m_Component:
  - component: {fileID: 4513316100465742}
  m_Layer: 0
  m_Name: Bip01_Spine1
  m_TagString: Untagged
  m_Icon: {fileID: 0}
  m_NavMeshLayer: 0
  m_StaticEditorFlags: 0
  m_IsActive: 1
--- !u!1 &1631243482350200
GameObject:
  m_ObjectHideFlags: 1
  m_PrefabParentObject: {fileID: 0}
  m_PrefabInternal: {fileID: 100100000}
  serializedVersion: 5
  m_Component:
  - component: {fileID: 4548307700666418}
  m_Layer: 0
  m_Name: Bip01_L_Trapezius
  m_TagString: Untagged
  m_Icon: {fileID: 0}
  m_NavMeshLayer: 0
  m_StaticEditorFlags: 0
  m_IsActive: 1
--- !u!1 &1634162561911224
GameObject:
  m_ObjectHideFlags: 1
  m_PrefabParentObject: {fileID: 0}
  m_PrefabInternal: {fileID: 100100000}
  serializedVersion: 5
  m_Component:
  - component: {fileID: 4335404301733832}
  m_Layer: 0
  m_Name: Bip01_Head1
  m_TagString: Untagged
  m_Icon: {fileID: 0}
  m_NavMeshLayer: 0
  m_StaticEditorFlags: 0
  m_IsActive: 1
--- !u!1 &1644842916967828
GameObject:
  m_ObjectHideFlags: 1
  m_PrefabParentObject: {fileID: 0}
  m_PrefabInternal: {fileID: 100100000}
  serializedVersion: 5
  m_Component:
  - component: {fileID: 4207941898091330}
  m_Layer: 0
  m_Name: Bip01_R_Wrist
  m_TagString: Untagged
  m_Icon: {fileID: 0}
  m_NavMeshLayer: 0
  m_StaticEditorFlags: 0
  m_IsActive: 1
--- !u!1 &1670129056851740
GameObject:
  m_ObjectHideFlags: 1
  m_PrefabParentObject: {fileID: 0}
  m_PrefabInternal: {fileID: 100100000}
  serializedVersion: 5
  m_Component:
  - component: {fileID: 4591470537442836}
  m_Layer: 0
  m_Name: Bip01_R_Shoulder
  m_TagString: Untagged
  m_Icon: {fileID: 0}
  m_NavMeshLayer: 0
  m_StaticEditorFlags: 0
  m_IsActive: 1
--- !u!1 &1681564748601994
GameObject:
  m_ObjectHideFlags: 1
  m_PrefabParentObject: {fileID: 0}
  m_PrefabInternal: {fileID: 100100000}
  serializedVersion: 5
  m_Component:
  - component: {fileID: 4191152550388370}
  m_Layer: 0
  m_Name: Bip01_L_Shoulder
  m_TagString: Untagged
  m_Icon: {fileID: 0}
  m_NavMeshLayer: 0
  m_StaticEditorFlags: 0
  m_IsActive: 1
--- !u!1 &1684852921470000
GameObject:
  m_ObjectHideFlags: 1
  m_PrefabParentObject: {fileID: 0}
  m_PrefabInternal: {fileID: 100100000}
  serializedVersion: 5
  m_Component:
  - component: {fileID: 4051783104833332}
  m_Layer: 0
  m_Name: Bip01_R_Ulna
  m_TagString: Untagged
  m_Icon: {fileID: 0}
  m_NavMeshLayer: 0
  m_StaticEditorFlags: 0
  m_IsActive: 1
--- !u!1 &1698586732735918
GameObject:
  m_ObjectHideFlags: 1
  m_PrefabParentObject: {fileID: 0}
  m_PrefabInternal: {fileID: 100100000}
  serializedVersion: 5
  m_Component:
  - component: {fileID: 4768597828639768}
  m_Layer: 0
  m_Name: Bip01_L_Ulna
  m_TagString: Untagged
  m_Icon: {fileID: 0}
  m_NavMeshLayer: 0
  m_StaticEditorFlags: 0
  m_IsActive: 1
--- !u!1 &1764895562784474
GameObject:
  m_ObjectHideFlags: 1
  m_PrefabParentObject: {fileID: 0}
  m_PrefabInternal: {fileID: 100100000}
  serializedVersion: 5
  m_Component:
  - component: {fileID: 4381372723028828}
  m_Layer: 0
  m_Name: Bip01_L_Thigh
  m_TagString: Untagged
  m_Icon: {fileID: 0}
  m_NavMeshLayer: 0
  m_StaticEditorFlags: 0
  m_IsActive: 1
--- !u!1 &1773160012003948
GameObject:
  m_ObjectHideFlags: 1
  m_PrefabParentObject: {fileID: 0}
  m_PrefabInternal: {fileID: 100100000}
  serializedVersion: 5
  m_Component:
  - component: {fileID: 4007825940042644}
  m_Layer: 0
  m_Name: Bip01_Pelvis
  m_TagString: Untagged
  m_Icon: {fileID: 0}
  m_NavMeshLayer: 0
  m_StaticEditorFlags: 0
  m_IsActive: 1
--- !u!1 &1857521523860334
GameObject:
  m_ObjectHideFlags: 1
  m_PrefabParentObject: {fileID: 0}
  m_PrefabInternal: {fileID: 100100000}
  serializedVersion: 5
  m_Component:
  - component: {fileID: 4265743585899030}
  m_Layer: 0
  m_Name: Bip01_R_Trapezius
  m_TagString: Untagged
  m_Icon: {fileID: 0}
  m_NavMeshLayer: 0
  m_StaticEditorFlags: 0
  m_IsActive: 1
--- !u!1 &1858383074413180
GameObject:
  m_ObjectHideFlags: 1
  m_PrefabParentObject: {fileID: 0}
  m_PrefabInternal: {fileID: 100100000}
  serializedVersion: 5
  m_Component:
  - component: {fileID: 4156981050592920}
  - component: {fileID: 137375795873167364}
  m_Layer: 0
  m_Name: soldier_reference
  m_TagString: Untagged
  m_Icon: {fileID: 0}
  m_NavMeshLayer: 0
  m_StaticEditorFlags: 0
  m_IsActive: 1
--- !u!1 &1943625648989886
GameObject:
  m_ObjectHideFlags: 1
  m_PrefabParentObject: {fileID: 0}
  m_PrefabInternal: {fileID: 100100000}
  serializedVersion: 5
  m_Component:
  - component: {fileID: 4981797620097646}
  m_Layer: 0
  m_Name: Bip01_R_Clavicle
  m_TagString: Untagged
  m_Icon: {fileID: 0}
  m_NavMeshLayer: 0
  m_StaticEditorFlags: 0
  m_IsActive: 1
--- !u!1 &1950020186700696
GameObject:
  m_ObjectHideFlags: 1
  m_PrefabParentObject: {fileID: 0}
  m_PrefabInternal: {fileID: 100100000}
  serializedVersion: 5
  m_Component:
  - component: {fileID: 4506346291381506}
  m_Layer: 0
  m_Name: soldier_reference_skeleton
  m_TagString: Untagged
  m_Icon: {fileID: 0}
  m_NavMeshLayer: 0
  m_StaticEditorFlags: 0
  m_IsActive: 1
--- !u!4 &4007825940042644
Transform:
  m_ObjectHideFlags: 1
  m_PrefabParentObject: {fileID: 0}
  m_PrefabInternal: {fileID: 100100000}
  m_GameObject: {fileID: 1773160012003948}
  m_LocalRotation: {x: 0.50000006, y: 0.49999994, z: -0.49999994, w: 0.50000006}
  m_LocalPosition: {x: 0.000005, y: -0.533615, z: 38.566917}
  m_LocalScale: {x: 1, y: 1, z: 1}
  m_Children:
  - {fileID: 4381372723028828}
  - {fileID: 4584239429890660}
  - {fileID: 4191094545463004}
  m_Father: {fileID: 4506346291381506}
  m_RootOrder: 0
  m_LocalEulerAnglesHint: {x: 0, y: 0, z: 0}
--- !u!4 &4051783104833332
Transform:
  m_ObjectHideFlags: 1
  m_PrefabParentObject: {fileID: 0}
  m_PrefabInternal: {fileID: 100100000}
  m_GameObject: {fileID: 1684852921470000}
  m_LocalRotation: {x: -0.000000523962, y: 0.00004060939, z: 0.0000022942763, w: 1}
  m_LocalPosition: {x: 0.000019922853, y: -5.7408514, z: 0.000010609627}
  m_LocalScale: {x: 1, y: 1.0000002, z: 1.0000001}
  m_Children: []
  m_Father: {fileID: 4916412351848688}
  m_RootOrder: 1
  m_LocalEulerAnglesHint: {x: 0, y: 0, z: 0}
--- !u!4 &4056022792585306
Transform:
  m_ObjectHideFlags: 1
  m_PrefabParentObject: {fileID: 0}
  m_PrefabInternal: {fileID: 100100000}
  m_GameObject: {fileID: 1047148509472516}
  m_LocalRotation: {x: 0.02221991, y: -0.7046936, z: -0.0531987, w: 0.70716554}
  m_LocalPosition: {x: 0.000035122037, y: -11.481701, z: 0.000013947487}
  m_LocalScale: {x: 0.99999994, y: 0.9999999, z: 1}
  m_Children: []
  m_Father: {fileID: 4916412351848688}
  m_RootOrder: 0
  m_LocalEulerAnglesHint: {x: 0, y: 0, z: 0}
--- !u!4 &4144384617074482
Transform:
  m_ObjectHideFlags: 1
  m_PrefabParentObject: {fileID: 0}
  m_PrefabInternal: {fileID: 100100000}
  m_GameObject: {fileID: 1124443141693690}
  m_LocalRotation: {x: 0.02080531, y: -0.68910486, z: 0.021859879, w: 0.724033}
  m_LocalPosition: {x: -0.000059902668, y: -11.692572, z: 0.0000025319328}
  m_LocalScale: {x: 1, y: 0.9999999, z: 0.9999999}
  m_Children:
  - {fileID: 4878787588811104}
  - {fileID: 4768597828639768}
  - {fileID: 4429833761029538}
  m_Father: {fileID: 4597333091884254}
  m_RootOrder: 1
  m_LocalEulerAnglesHint: {x: 0, y: 0, z: 0}
--- !u!4 &4156981050592920
Transform:
  m_ObjectHideFlags: 1
  m_PrefabParentObject: {fileID: 0}
  m_PrefabInternal: {fileID: 100100000}
  m_GameObject: {fileID: 1858383074413180}
  m_LocalRotation: {x: 0, y: -0, z: -0, w: 1}
  m_LocalPosition: {x: -0, y: 0, z: 0}
  m_LocalScale: {x: 1, y: 1, z: 1}
  m_Children: []
  m_Father: {fileID: 4495258916293750}
  m_RootOrder: 0
  m_LocalEulerAnglesHint: {x: 0, y: 0, z: 0}
--- !u!4 &4186983998202800
Transform:
  m_ObjectHideFlags: 1
  m_PrefabParentObject: {fileID: 0}
  m_PrefabInternal: {fileID: 100100000}
  m_GameObject: {fileID: 1061197936877172}
  m_LocalRotation: {x: -0.2140494, y: 0.6989244, z: 0.19455352, w: 0.6540921}
  m_LocalPosition: {x: 0.000021502376, y: -6.0281463, z: -0.000011995435}
  m_LocalScale: {x: 0.99999976, y: 0.99999976, z: 1.0000001}
  m_Children:
  - {fileID: 4796562402343708}
  - {fileID: 4916412351848688}
  - {fileID: 4591470537442836}
  m_Father: {fileID: 4981797620097646}
  m_RootOrder: 1
  m_LocalEulerAnglesHint: {x: 0, y: 0, z: 0}
--- !u!4 &4191094545463004
Transform:
  m_ObjectHideFlags: 1
  m_PrefabParentObject: {fileID: 0}
  m_PrefabInternal: {fileID: 100100000}
  m_GameObject: {fileID: 1293942375401160}
  m_LocalRotation: {x: 0.521101, y: 0.4779681, z: -0.47796786, w: 0.52110165}
  m_LocalPosition: {x: -3.3451314, y: -0.00000474745, z: -2.9819005}
  m_LocalScale: {x: 0.9999996, y: 1.0000002, z: 0.99999994}
  m_Children:
  - {fileID: 4513316100465742}
  m_Father: {fileID: 4007825940042644}
  m_RootOrder: 2
  m_LocalEulerAnglesHint: {x: 0, y: 0, z: 0}
--- !u!4 &4191152550388370
Transform:
  m_ObjectHideFlags: 1
  m_PrefabParentObject: {fileID: 0}
  m_PrefabInternal: {fileID: 100100000}
  m_GameObject: {fileID: 1681564748601994}
  m_LocalRotation: {x: -0.000000008838158, y: -0.0000000012505552, z: 9.313226e-10,
    w: 1}
  m_LocalPosition: {x: -0.000007688999, y: -1.500002, z: 0.0000038707217}
  m_LocalScale: {x: 1, y: 0.99999994, z: 0.99999994}
  m_Children: []
  m_Father: {fileID: 4597333091884254}
  m_RootOrder: 2
  m_LocalEulerAnglesHint: {x: 0, y: 0, z: 0}
--- !u!4 &4207941898091330
Transform:
  m_ObjectHideFlags: 1
  m_PrefabParentObject: {fileID: 0}
  m_PrefabInternal: {fileID: 100100000}
  m_GameObject: {fileID: 1644842916967828}
  m_LocalRotation: {x: -0.00000050420323, y: 0.000078925856, z: 0.0000045329616, w: 1}
  m_LocalPosition: {x: 0.000035122037, y: -11.481701, z: 0.000013947487}
  m_LocalScale: {x: 1, y: 1.0000001, z: 1.0000001}
  m_Children: []
  m_Father: {fileID: 4916412351848688}
  m_RootOrder: 2
  m_LocalEulerAnglesHint: {x: 0, y: 0, z: 0}
--- !u!4 &4232550203309140
Transform:
  m_ObjectHideFlags: 1
  m_PrefabParentObject: {fileID: 0}
  m_PrefabInternal: {fileID: 100100000}
  m_GameObject: {fileID: 1226799596371762}
  m_LocalRotation: {x: -0.010405972, y: -0.022406954, z: 0.5106372, w: 0.8594413}
  m_LocalPosition: {x: 0.00012904091, y: -16.525246, z: -0.0000010205013}
  m_LocalScale: {x: 1, y: 0.99999994, z: 0.9999998}
  m_Children: []
  m_Father: {fileID: 4569299661864010}
  m_RootOrder: 0
  m_LocalEulerAnglesHint: {x: 0, y: 0, z: 0}
--- !u!4 &4264940832954872
Transform:
  m_ObjectHideFlags: 1
  m_PrefabParentObject: {fileID: 0}
  m_PrefabInternal: {fileID: 100100000}
  m_GameObject: {fileID: 1435381687819992}
  m_LocalRotation: {x: -0.5287186, y: -0.4733702, z: 0.5982745, w: 0.37208188}
  m_LocalPosition: {x: -1.0007505, y: -2.03336, z: 1.9376631}
  m_LocalScale: {x: 0.99999976, y: 1.0000002, z: 0.9999997}
  m_Children:
  - {fileID: 4548307700666418}
  - {fileID: 4597333091884254}
  m_Father: {fileID: 4374252802895528}
  m_RootOrder: 0
  m_LocalEulerAnglesHint: {x: 0, y: 0, z: 0}
--- !u!4 &4265743585899030
Transform:
  m_ObjectHideFlags: 1
  m_PrefabParentObject: {fileID: 0}
  m_PrefabInternal: {fileID: 100100000}
  m_GameObject: {fileID: 1857521523860334}
  m_LocalRotation: {x: 0.0000004868488, y: -0.000000017462861, z: -0.0000011565571,
    w: 1}
  m_LocalPosition: {x: 0.000020980835, y: -5.166964, z: -0.00001090765}
  m_LocalScale: {x: 1, y: 1.0000001, z: 1.0000002}
  m_Children: []
  m_Father: {fileID: 4981797620097646}
  m_RootOrder: 0
  m_LocalEulerAnglesHint: {x: 0, y: 0, z: 0}
--- !u!4 &4335404301733832
Transform:
  m_ObjectHideFlags: 1
  m_PrefabParentObject: {fileID: 0}
  m_PrefabInternal: {fileID: 100100000}
  m_GameObject: {fileID: 1634162561911224}
  m_LocalRotation: {x: -0.00000039464987, y: 0.00000005466022, z: -0.20189404, w: 0.9794074}
  m_LocalPosition: {x: 0.0000062584595, y: -3.593706, z: 0.00000017947468}
  m_LocalScale: {x: 1.0000001, y: 0.99999994, z: 1}
  m_Children: []
  m_Father: {fileID: 4541927099449502}
  m_RootOrder: 0
  m_LocalEulerAnglesHint: {x: 0, y: 0, z: 0}
--- !u!4 &4374252802895528
Transform:
  m_ObjectHideFlags: 1
  m_PrefabParentObject: {fileID: 0}
  m_PrefabInternal: {fileID: 100100000}
  m_GameObject: {fileID: 1540956336427186}
  m_LocalRotation: {x: 7.281802e-10, y: -4.8944217e-11, z: -0.09689846, w: 0.9952943}
  m_LocalPosition: {x: 0.00006407499, y: -8.94265, z: -0.000000014342504}
  m_LocalScale: {x: 0.9999999, y: 1.0000004, z: 1}
  m_Children:
  - {fileID: 4264940832954872}
  - {fileID: 4541927099449502}
  - {fileID: 4981797620097646}
  m_Father: {fileID: 4430485589736666}
  m_RootOrder: 0
  m_LocalEulerAnglesHint: {x: 0, y: 0, z: 0}
--- !u!4 &4381372723028828
Transform:
  m_ObjectHideFlags: 1
  m_PrefabParentObject: {fileID: 0}
  m_PrefabInternal: {fileID: 100100000}
  m_GameObject: {fileID: 1764895562784474}
  m_LocalRotation: {x: 0.51151675, y: -0.4882113, z: 0.48553327, w: 0.5140601}
  m_LocalPosition: {x: -0.00000016649756, y: -3.890452, z: -0.0000029777875}
  m_LocalScale: {x: 1, y: 1.0000001, z: 1.0000001}
  m_Children:
  - {fileID: 4569299661864010}
  m_Father: {fileID: 4007825940042644}
  m_RootOrder: 0
  m_LocalEulerAnglesHint: {x: 0, y: 0, z: 0}
--- !u!4 &4429833761029538
Transform:
  m_ObjectHideFlags: 1
  m_PrefabParentObject: {fileID: 0}
  m_PrefabInternal: {fileID: 100100000}
  m_GameObject: {fileID: 1297782760337060}
  m_LocalRotation: {x: 9.193038e-10, y: 0.0006383014, z: 0.00000001882959, w: 0.9999998}
  m_LocalPosition: {x: 0.00001398474, y: -11.481714, z: -0.000003695488}
  m_LocalScale: {x: 1.0000004, y: 1, z: 1.0000002}
  m_Children: []
  m_Father: {fileID: 4144384617074482}
  m_RootOrder: 2
  m_LocalEulerAnglesHint: {x: 0, y: 0, z: 0}
--- !u!4 &4430485589736666
Transform:
  m_ObjectHideFlags: 1
  m_PrefabParentObject: {fileID: 0}
  m_PrefabInternal: {fileID: 100100000}
  m_GameObject: {fileID: 1095773146632490}
  m_LocalRotation: {x: -0.000000025051735, y: -0.0000000030557745, z: -0.05015527,
    w: 0.99874145}
  m_LocalPosition: {x: -0.000032186508, y: -3.518572, z: -0.00000082584916}
  m_LocalScale: {x: 0.99999976, y: 0.9999999, z: 0.99999994}
  m_Children:
  - {fileID: 4374252802895528}
  m_Father: {fileID: 4513316100465742}
  m_RootOrder: 0
  m_LocalEulerAnglesHint: {x: 0, y: 0, z: 0}
--- !u!4 &4477911850952116
Transform:
  m_ObjectHideFlags: 1
  m_PrefabParentObject: {fileID: 0}
  m_PrefabInternal: {fileID: 100100000}
  m_GameObject: {fileID: 1309531017068622}
  m_LocalRotation: {x: 0.0076736943, y: 0.027002767, z: 0.5106798, w: 0.8593126}
  m_LocalPosition: {x: -0.000061373925, y: -16.525248, z: 0.00000019414188}
  m_LocalScale: {x: 1.0000001, y: 1.0000001, z: 0.99999994}
  m_Children: []
  m_Father: {fileID: 4963080139653048}
  m_RootOrder: 0
  m_LocalEulerAnglesHint: {x: 0, y: 0, z: 0}
--- !u!4 &4495258916293750
Transform:
  m_ObjectHideFlags: 1
  m_PrefabParentObject: {fileID: 0}
  m_PrefabInternal: {fileID: 100100000}
  m_GameObject: {fileID: 1522200383309444}
  m_LocalRotation: {x: 0, y: 0, z: 0, w: 1}
  m_LocalPosition: {x: 0, y: 0, z: 0}
  m_LocalScale: {x: 0.1, y: 0.1, z: 0.1}
  m_Children:
  - {fileID: 4156981050592920}
  - {fileID: 4506346291381506}
  m_Father: {fileID: 4495493062235844}
  m_RootOrder: 0
  m_LocalEulerAnglesHint: {x: 0, y: 0, z: 0}
--- !u!4 &4495304017597876
Transform:
  m_ObjectHideFlags: 1
  m_PrefabParentObject: {fileID: 0}
  m_PrefabInternal: {fileID: 100100000}
  m_GameObject: {fileID: 1203771675896166}
  m_LocalRotation: {x: 0.000000050766495, y: -0.0000000012505551, z: 9.313227e-10,
    w: 1}
  m_LocalPosition: {x: -0.000027924776, y: -5.560001, z: 0.0000023837702}
  m_LocalScale: {x: 1, y: 1, z: 1}
  m_Children: []
  m_Father: {fileID: 4597333091884254}
  m_RootOrder: 0
  m_LocalEulerAnglesHint: {x: 0, y: 0, z: 0}
--- !u!4 &4495493062235844
Transform:
  m_ObjectHideFlags: 1
  m_PrefabParentObject: {fileID: 0}
  m_PrefabInternal: {fileID: 100100000}
  m_GameObject: {fileID: 1049613125805454}
  m_LocalRotation: {x: 0, y: 1, z: 0, w: 0}
  m_LocalPosition: {x: 22.4, y: -0.95, z: 27.5}
  m_LocalScale: {x: 9.165854, y: 9.165854, z: 9.165854}
  m_Children:
  - {fileID: 4495258916293750}
  m_Father: {fileID: 0}
  m_RootOrder: 0
  m_LocalEulerAnglesHint: {x: 0, y: 180, z: 0}
--- !u!4 &4506346291381506
Transform:
  m_ObjectHideFlags: 1
  m_PrefabParentObject: {fileID: 0}
  m_PrefabInternal: {fileID: 100100000}
  m_GameObject: {fileID: 1950020186700696}
  m_LocalRotation: {x: -0.7071068, y: 0, z: -0, w: 0.7071068}
  m_LocalPosition: {x: -0, y: 0, z: 0}
  m_LocalScale: {x: 0.25, y: 0.25, z: 0.25}
  m_Children:
  - {fileID: 4007825940042644}
  m_Father: {fileID: 4495258916293750}
  m_RootOrder: 1
  m_LocalEulerAnglesHint: {x: 0, y: 0, z: 0}
--- !u!4 &4513316100465742
Transform:
  m_ObjectHideFlags: 1
  m_PrefabParentObject: {fileID: 0}
  m_PrefabInternal: {fileID: 100100000}
  m_GameObject: {fileID: 1621622726623632}
  m_LocalRotation: {x: 0.0000001009087, y: -0.0000000019658326, z: 0.0146240955, w: 0.99989307}
  m_LocalPosition: {x: -0.0000027418128, y: -4.018324, z: -0.0000003998597}
  m_LocalScale: {x: 1.0000002, y: 0.99999976, z: 1}
  m_Children:
  - {fileID: 4430485589736666}
  m_Father: {fileID: 4191094545463004}
  m_RootOrder: 0
  m_LocalEulerAnglesHint: {x: 0, y: 0, z: 0}
--- !u!4 &4541927099449502
Transform:
  m_ObjectHideFlags: 1
  m_PrefabParentObject: {fileID: 0}
  m_PrefabInternal: {fileID: 100100000}
  m_GameObject: {fileID: 1225167853458740}
  m_LocalRotation: {x: 0.1988982, y: 0.98002017, z: -0.00000023996492, w: 0.000001310026}
  m_LocalPosition: {x: 0.000030756, y: -3.3072693, z: 0.000000028171598}
  m_LocalScale: {x: 0.9999996, y: 0.9999984, z: 1}
  m_Children:
  - {fileID: 4335404301733832}
  m_Father: {fileID: 4374252802895528}
  m_RootOrder: 1
  m_LocalEulerAnglesHint: {x: 0, y: 0, z: 0}
--- !u!4 &4548307700666418
Transform:
  m_ObjectHideFlags: 1
  m_PrefabParentObject: {fileID: 0}
  m_PrefabInternal: {fileID: 100100000}
  m_GameObject: {fileID: 1631243482350200}
  m_LocalRotation: {x: 0.0000005001785, y: 0.000000004540774, z: 0.0000011531773,
    w: 1}
  m_LocalPosition: {x: 0.000016739592, y: -5.1669607, z: 0.000014726073}
  m_LocalScale: {x: 1.0000001, y: 0.99999994, z: 0.9999999}
  m_Children: []
  m_Father: {fileID: 4264940832954872}
  m_RootOrder: 0
  m_LocalEulerAnglesHint: {x: 0, y: 0, z: 0}
--- !u!4 &4569299661864010
Transform:
  m_ObjectHideFlags: 1
  m_PrefabParentObject: {fileID: 0}
  m_PrefabInternal: {fileID: 100100000}
  m_GameObject: {fileID: 1250057872451226}
  m_LocalRotation: {x: -0.000000044063317, y: -0.00000067853716, z: -0.017101573,
    w: 0.9998538}
  m_LocalPosition: {x: -0.000012137112, y: -17.84817, z: -0.0000017745696}
  m_LocalScale: {x: 1, y: 1.0000001, z: 1.0000001}
  m_Children:
  - {fileID: 4232550203309140}
  m_Father: {fileID: 4381372723028828}
  m_RootOrder: 0
  m_LocalEulerAnglesHint: {x: 0, y: 0, z: 0}
--- !u!4 &4584239429890660
Transform:
  m_ObjectHideFlags: 1
  m_PrefabParentObject: {fileID: 0}
  m_PrefabInternal: {fileID: 100100000}
  m_GameObject: {fileID: 1207654064093964}
  m_LocalRotation: {x: 0.51406, y: -0.48553276, z: 0.48821178, w: 0.5115168}
  m_LocalPosition: {x: -0.0000072084476, y: 3.890452, z: 0.00000697619}
  m_LocalScale: {x: 0.9999998, y: 1.0000001, z: 1.0000001}
  m_Children:
  - {fileID: 4963080139653048}
  m_Father: {fileID: 4007825940042644}
  m_RootOrder: 1
  m_LocalEulerAnglesHint: {x: 0, y: 0, z: 0}
--- !u!4 &4591470537442836
Transform:
  m_ObjectHideFlags: 1
  m_PrefabParentObject: {fileID: 0}
  m_PrefabInternal: {fileID: 100100000}
  m_GameObject: {fileID: 1670129056851740}
  m_LocalRotation: {x: -0.0000006067059, y: 0.0000015741477, z: -0.0000011418007,
    w: 1}
  m_LocalPosition: {x: -0.000005722046, y: -1.4999981, z: -0.000005381734}
  m_LocalScale: {x: 0.99999994, y: 0.99999994, z: 1.0000004}
  m_Children: []
  m_Father: {fileID: 4186983998202800}
  m_RootOrder: 2
  m_LocalEulerAnglesHint: {x: 0, y: 0, z: 0}
--- !u!4 &4597333091884254
Transform:
  m_ObjectHideFlags: 1
  m_PrefabParentObject: {fileID: 0}
  m_PrefabInternal: {fileID: 100100000}
  m_GameObject: {fileID: 1371929155041622}
  m_LocalRotation: {x: 0.22089507, y: -0.674988, z: 0.1867419, w: 0.6787666}
  m_LocalPosition: {x: 0.000030922703, y: -6.028143, z: 0.000017412007}
  m_LocalScale: {x: 0.9999999, y: 0.99999976, z: 0.9999998}
  m_Children:
  - {fileID: 4495304017597876}
  - {fileID: 4144384617074482}
  - {fileID: 4191152550388370}
  m_Father: {fileID: 4264940832954872}
  m_RootOrder: 1
  m_LocalEulerAnglesHint: {x: 0, y: 0, z: 0}
--- !u!4 &4768597828639768
Transform:
  m_ObjectHideFlags: 1
  m_PrefabParentObject: {fileID: 0}
  m_PrefabInternal: {fileID: 100100000}
  m_GameObject: {fileID: 1698586732735918}
  m_LocalRotation: {x: -0.000000027748959, y: 0.00034832075, z: -0.0000045581746,
    w: 0.99999994}
  m_LocalPosition: {x: 0.000008150935, y: -5.740849, z: 0.0000006556511}
  m_LocalScale: {x: 0.9999998, y: 0.99999994, z: 0.9999998}
  m_Children: []
  m_Father: {fileID: 4144384617074482}
  m_RootOrder: 1
  m_LocalEulerAnglesHint: {x: 0, y: 0, z: 0}
--- !u!4 &4796562402343708
Transform:
  m_ObjectHideFlags: 1
  m_PrefabParentObject: {fileID: 0}
  m_PrefabInternal: {fileID: 100100000}
  m_GameObject: {fileID: 1463852352159874}
  m_LocalRotation: {x: -0.00000047259383, y: 0.000000572044, z: 2.7034443e-13, w: 1}
  m_LocalPosition: {x: -0.000019043684, y: -5.559995, z: 0.000005679254}
  m_LocalScale: {x: 1, y: 0.9999999, z: 1.0000002}
  m_Children: []
  m_Father: {fileID: 4186983998202800}
  m_RootOrder: 0
  m_LocalEulerAnglesHint: {x: 0, y: 0, z: 0}
--- !u!4 &4878787588811104
Transform:
  m_ObjectHideFlags: 1
  m_PrefabParentObject: {fileID: 0}
  m_PrefabInternal: {fileID: 100100000}
  m_GameObject: {fileID: 1266889327103158}
  m_LocalRotation: {x: -0.022003457, y: 0.707604, z: -0.05329124, w: 0.70425314}
  m_LocalPosition: {x: 0.000013560057, y: -11.481688, z: -0.000033915043}
  m_LocalScale: {x: 0.99999994, y: 0.9999998, z: 0.9999999}
  m_Children: []
  m_Father: {fileID: 4144384617074482}
  m_RootOrder: 0
  m_LocalEulerAnglesHint: {x: 0, y: 0, z: 0}
--- !u!4 &4916412351848688
Transform:
  m_ObjectHideFlags: 1
  m_PrefabParentObject: {fileID: 0}
  m_PrefabInternal: {fileID: 100100000}
  m_GameObject: {fileID: 1042618825670086}
  m_LocalRotation: {x: -0.020248117, y: 0.670645, z: 0.022376712, w: 0.7411644}
  m_LocalPosition: {x: -0.000039815903, y: -11.6925535, z: 0.0000055874184}
  m_LocalScale: {x: 1.0000001, y: 0.9999998, z: 1.0000001}
  m_Children:
  - {fileID: 4056022792585306}
  - {fileID: 4051783104833332}
  - {fileID: 4207941898091330}
  m_Father: {fileID: 4186983998202800}
  m_RootOrder: 1
  m_LocalEulerAnglesHint: {x: 0, y: 0, z: 0}
--- !u!4 &4963080139653048
Transform:
  m_ObjectHideFlags: 1
  m_PrefabParentObject: {fileID: 0}
  m_PrefabInternal: {fileID: 100100000}
  m_GameObject: {fileID: 1263650652255658}
  m_LocalRotation: {x: 0.000000032661674, y: 0.0000007144793, z: -0.017092424, w: 0.99985397}
  m_LocalPosition: {x: -0.00011809007, y: -17.84817, z: -0.0000010804031}
  m_LocalScale: {x: 0.9999998, y: 0.9999998, z: 1}
  m_Children:
  - {fileID: 4477911850952116}
  m_Father: {fileID: 4584239429890660}
  m_RootOrder: 0
  m_LocalEulerAnglesHint: {x: 0, y: 0, z: 0}
--- !u!4 &4981797620097646
Transform:
  m_ObjectHideFlags: 1
  m_PrefabParentObject: {fileID: 0}
  m_PrefabInternal: {fileID: 100100000}
  m_GameObject: {fileID: 1943625648989886}
  m_LocalRotation: {x: 0.5498593, y: 0.45970643, z: 0.5789031, w: 0.3888393}
  m_LocalPosition: {x: -1.0007523, y: -2.0333664, z: -1.937612}
  m_LocalScale: {x: 1.0000001, y: 0.9999993, z: 0.9999999}
  m_Children:
  - {fileID: 4265743585899030}
  - {fileID: 4186983998202800}
  m_Father: {fileID: 4374252802895528}
  m_RootOrder: 2
  m_LocalEulerAnglesHint: {x: 0, y: 0, z: 0}
--- !u!95 &95936143381848132
Animator:
  serializedVersion: 3
  m_ObjectHideFlags: 1
  m_PrefabParentObject: {fileID: 0}
  m_PrefabInternal: {fileID: 100100000}
  m_GameObject: {fileID: 1522200383309444}
  m_Enabled: 1
  m_Avatar: {fileID: 9000000, guid: 6c906de10af21f244a585b7657d22c3d, type: 3}
  m_Controller: {fileID: 9100000, guid: 45a071344da1a2a47a7155b9b505506a, type: 2}
  m_CullingMode: 1
  m_UpdateMode: 0
  m_ApplyRootMotion: 0
  m_LinearVelocityBlending: 0
  m_WarningMessage: 
  m_HasTransformHierarchy: 1
  m_AllowConstantClipSamplingOptimization: 1
--- !u!114 &114220744418599278
MonoBehaviour:
  m_ObjectHideFlags: 1
  m_PrefabParentObject: {fileID: 0}
  m_PrefabInternal: {fileID: 100100000}
  m_GameObject: {fileID: 1049613125805454}
  m_Enabled: 1
  m_EditorHideFlags: 0
  m_Script: {fileID: 11500000, guid: ffefda21b69254a4796206263ea2b55c, type: 3}
  m_Name: 
  m_EditorClassIdentifier: 
  headCollider: {fileID: 0}
  bodyCollider: {fileID: 0}
--- !u!114 &114857751019244570
MonoBehaviour:
  m_ObjectHideFlags: 1
  m_PrefabParentObject: {fileID: 0}
  m_PrefabInternal: {fileID: 100100000}
  m_GameObject: {fileID: 1049613125805454}
  m_Enabled: 1
  m_EditorHideFlags: 0
  m_Script: {fileID: 11500000, guid: 2945d54b4fb2f3f4faafe690c9c56184, type: 3}
  m_Name: 
  m_EditorClassIdentifier: 
  dance: 1
  enemyType: 1
  health: 4
  posthit: 0
  accuracy: 35
  hiding: 0
  sitLocation: {fileID: 0}
  clipSize: 7
  resource: 0
  animator: {fileID: 95936143381848132}
  bullets:
  - {fileID: 4100714448108466, guid: db237cdd53925a94d9300223b6982d6d, type: 2}
  - {fileID: 4642442927176742, guid: 6c9a5083f163a144e95a043d9dc60c2d, type: 2}
--- !u!137 &137375795873167364
SkinnedMeshRenderer:
  m_ObjectHideFlags: 1
  m_PrefabParentObject: {fileID: 0}
  m_PrefabInternal: {fileID: 100100000}
  m_GameObject: {fileID: 1858383074413180}
  m_Enabled: 1
  m_CastShadows: 1
  m_ReceiveShadows: 1
  m_MotionVectors: 1
  m_LightProbeUsage: 1
  m_ReflectionProbeUsage: 1
  m_Materials:
  - {fileID: 2100000, guid: 9268734c6e04189438d006a2fcb95ece, type: 2}
  m_StaticBatchInfo:
    firstSubMesh: 0
    subMeshCount: 0
  m_StaticBatchRoot: {fileID: 0}
  m_ProbeAnchor: {fileID: 0}
  m_LightProbeVolumeOverride: {fileID: 0}
  m_ScaleInLightmap: 1
  m_PreserveUVs: 0
  m_IgnoreNormalsForChartDetection: 0
  m_ImportantGI: 0
  m_SelectedEditorRenderState: 3
  m_MinimumChartSize: 4
  m_AutoUVMaxDistance: 0.5
  m_AutoUVMaxAngle: 89
  m_LightmapParameters: {fileID: 0}
  m_SortingLayerID: 0
  m_SortingOrder: 0
  serializedVersion: 2
  m_Quality: 0
  m_UpdateWhenOffscreen: 0
  m_SkinnedMotionVectors: 1
  m_Mesh: {fileID: 4300000, guid: 6c906de10af21f244a585b7657d22c3d, type: 3}
  m_Bones:
  - {fileID: 4007825940042644}
  - {fileID: 4191094545463004}
  - {fileID: 4513316100465742}
  - {fileID: 4430485589736666}
  - {fileID: 4374252802895528}
  - {fileID: 4541927099449502}
  - {fileID: 4335404301733832}
  - {fileID: 4981797620097646}
  - {fileID: 4186983998202800}
  - {fileID: 4916412351848688}
  - {fileID: 4056022792585306}
  - {fileID: 4051783104833332}
  - {fileID: 4207941898091330}
  - {fileID: 4591470537442836}
  - {fileID: 4796562402343708}
  - {fileID: 4265743585899030}
  - {fileID: 4264940832954872}
  - {fileID: 4597333091884254}
  - {fileID: 4144384617074482}
  - {fileID: 4878787588811104}
  - {fileID: 4768597828639768}
  - {fileID: 4429833761029538}
  - {fileID: 4191152550388370}
  - {fileID: 4495304017597876}
  - {fileID: 4548307700666418}
  - {fileID: 4584239429890660}
  - {fileID: 4963080139653048}
  - {fileID: 4477911850952116}
  - {fileID: 4381372723028828}
  - {fileID: 4569299661864010}
  - {fileID: 4232550203309140}
  m_BlendShapeWeights: []
  m_RootBone: {fileID: 4007825940042644}
  m_AABB:
    m_Center: {x: 5.319584, y: 8.4288, z: 0.44547415}
    m_Extent: {x: 38.23892, y: 37.528805, z: 9.918844}
  m_DirtyAABB: 0
